<?xml version="1.0" encoding="UTF-8"?><collection xmlns="http://www.loc.gov/MARC21/slim"><record><leader>00414nam--2200133-i-4500</leader><controlfield tag="001">000009967</controlfield><controlfield tag="002">20161230</controlfield><controlfield tag="005">20161230201028</controlfield><controlfield tag="008">060222s1000------------r-----000-0-eng-d</controlfield><datafield ind1=" " ind2=" " tag="080"><subfield code="a">621.375.826</subfield></datafield><datafield ind1=" " ind2=" " tag="100"><subfield code="a">Battles, Frank Patrick</subfield></datafield><datafield ind1=" " ind2=" " tag="245"><subfield code="a">A new method for calculating laser modes in the large fresnel number limit. thesis</subfield></datafield><datafield ind1=" " ind2=" " tag="260"><subfield code="a">Ann Arbor, Michigan, University Microfilms, Inc., 1969 196 P</subfield></datafield><datafield ind1=" " ind2=" " tag="852"><subfield code="a">36118</subfield></datafield></record></collection>